%Artigo on-line
@Article{costa2009,
author        = {R. Costa},
title         = {Por que inventaram o dinheiro?},
journal       = {nova escola},
year          = {2009},
month         = {set.},
url           = {https://novaescola.org.br/conteudo/2273/por-que-inventaram-o-dinheiro},
urlaccessdate = {15 set. 2018}
}

%Livro
@Book{masterBit,
author        = {Andreas M. Antonopoulos},
title         = {Mastering Bitcoin},
subtitle      = {Programming the Open Blockchain},
publisher     = {O'Reilly Media},
year          = {2017},
edition       = {2},
month         = {jul.},
url           = {https://github.com/bitcoinbook},
urlaccessdate = {29 nov. 2018}
}

%Manual
@Manual{bitcoinDev,
title         = {Bitcoin Developer Documentation},
organization  = {Bitcoin.org},
year          = {2019},
url           = {https://bitcoin.org/en/developer-documentation},
urlaccessdate = {16 set. 2018}
}

@Manual{bitcoinRef,
title         = {Bitcoin Developer Reference},
organization  = {Bitcoin.org},
year          = {2019},
url           = {https://bitcoin.org/en/developer-reference},
urlaccessdate = {24 fev. 2019}
}

%Dicionário
@Book{pribeream2013,
organization  = {Pribeream},
title         = {Dinheiro},
year          = {2008-2013},
url           = {https://www.priberam.pt/dlpo/Dinheiro},
urlaccessdate = {15 set. 2018}
}

%Glossário
@Book{bitcoinGloss,
title         = {Bitcoin Developer Glossary},
organization  = {Bitcoin.org},
year          = {2019},
url           = {https://bitcoin.org/en/developer-glossary},
urlaccessdate = {24 fev. 2019}
}

%Enciclopédia
@Book{britannica2018,
organization  = {ENCYCLOPAEDIA BRITANNICA},
title         = {Gold Standard},
month         = {out.},
year          = {2018},
publisher     = {Encyclopædia Britannica, inc},
url           = {https://www.britannica.com/topic/gold-standard},
urlaccessdate = {16 set. 2018}
}

%APUD e 2 autores
@Book{evMoeda,
author        = {Yolanda Vieira de Abreu and Sanay Bertelle Coelho},
title         = {EVOLUÇÃO HISTÓRICA DA MOEDA},
subtitle      = {Estudo de caso: BRASIL (1889 – 1989)},
publisher     = {Universidade de Málaga},
year          = {2009},
edition       = {2009},
url           = {http://www.eumed.net/libros-gratis/2009a/477/index.htm},
urlaccessdate = {26 mai. 2019}
}

@Hidden{ratti2001comercio,
title   = {Com{\'e}rcio Internacional e C{\^a}mbio. 10{\textordfeminine} edi{\c{c}}{\~a}o},
author  = {RATTI, Bruno},
journal = {S{\~a}o Paulo: Edi{\c{c}}{\~o}es Aduaneiras},
year    = {2001}
}

@Article{nogueira2018,
author        = {M. Nogueira},
title         = {História do Comércio},
journal       = {estudo prático},
year          = {2018},
url           = {https://www.estudopratico.com.br/historia-do-comercio/},
urlaccessdate ={15 set. 2018}
}

@Article{rothbard1995,
author        = {M. ROTHBARD},
title         = {Fractional Reserve Banking},
journal       = {FEE - Foundation for Economic Education},
year          = {1995},
month         = {out.},
url           = {https://fee.org/articles/fractional-reserve-banking-part-ii/},
urlaccessdate = {16 set. 2018}
}

@Article{economias2019,
editor        = {economias},
title         = {Inflação e deflação: definição e diferenças},
journal       = {economias},
year          = {2013-2019},
url           = {https://www.economias.pt/inflacao-%deflacao/},
urlaccessdate ={16 set. 2018}
}

@Article{pokrandt2018,
author        = {H. Pokrandt},
title         = {Americans Can't Understand The Value Of Decentralized Currency, But Many Other Countries Can},
journal       = {Forbes},
year          = {2018},
month         = {jul.},
url           = {https://www.forbes.com/sites/forbestechcouncil/2018/07/20/americans-cant-%understand-the-value-of-decentralized-currency-but-many-other-countries-can/#6b24f9fe637f},
urlaccessdate = {16 set. 2018}
}

@Article{rouse2018,
author        = {Margaret Rouse},
title         = {asymmetric cryptography (public key cryptography)},
journal       = {SearchSecurity},
year          = {2016},
month         = {jun.},
url           = {https://searchsecurity.techtarget.com/definition/asymmetric-cryptography},
urlaccessdate = {29 nov. 2018}
}

@Article{wagner2015,
author        = {Wagner and others},
title         = {Introdução à linguagem C{\#} e ao .NET Framework},
year          = {2015},
month         = {jul.},
url           ={https://docs.microsoft.com/pt-br/dotnet/csharp/getting-started/introduction-to-the-csharp-language-and-the-net-framework},
urlaccessdate = {29 nov. 2018}
}

@Book{progblockC,
author        = {Nicolas Dorier},
title         = {Programming The Blockchain in C{\#}},
year          = {2018},
edition       = {2},
url           = {https://programmingblockchain.gitbook.io/programmingblockchain},
urlaccessdate = {29 nov. 2018}
}

@Article{techoAPI2018,
organization  = {techopedia},
title         = {Application Programming Interface (API)},
year          = {2018},
url           = {https://www.techopedia.com/definition/24407/application-programming-interface-api},
urlaccessdate = {17 mar. 2019}
}

@Article{lastcAPIS,
organization  = {LastCall},
title         = {The Top 13 Bitcoin, Blockchain \& Cryptocurrency APIs},
year          = {2018},
month         = {out.},
url           = {https://blog.rapidapi.com/bitcoin-blockchain-cryptocurrency-apis/},
urlaccessdate = {17 mar. 2019}
}

@Manual{qbitNinja,
title         = {QBit Ninja},
author        = {Nicolas Dorier},
year          = {2017},
url           = {https://qbitninja.docs.apiary.io/#},
urlaccessdate = {17 mar. 2019}
}

@Article{heHenry2018,
author        = {Henry He},
title         = {NBitcoin},
subtitle      = {Introduction To NBitcoin},
journal       = {C{\#}Corner},
year          = {2018},
month         = {aug.},
url           = {https://www.c-sharpcorner.com/article/introduction-to-nbitcoin/},
urlaccessdate = {31 mar. 2019}
}

@Book{katz1996handbook,
title     = {Handbook of applied cryptography},
author    = {Katz, Jonathan and Menezes, Alfred J and Van Oorschot, Paul C and Vanstone, Scott A},
year      = {1996},
publisher = {CRC press}
}

@book{swan2015blockchain,
title     = {Blockchain: Blueprint for a new economy},
author    = {Swan, Melanie},
year      = {2015},
publisher = {" O'Reilly Media, Inc."}
}